
<record>
  <controlfield tag="001">870935</controlfield>
  <datafield tag="024" ind1="7" ind2=" ">
    <subfield code="2">DOI</subfield>
    <subfield code="a">10.1103/PhysRevD.82.112008</subfield>
  </datafield>
  <datafield tag="024" ind1="7" ind2=" ">
    <subfield code="2">DOI</subfield>
    <subfield code="a">10.1103/PhysRevD.86.099904</subfield>
  </datafield>
  <datafield tag="035" ind1=" " ind2=" ">
    <subfield code="9">arXiv</subfield>
    <subfield code="a">oai:arXiv.org:1009.4864</subfield>
    <subfield code="z">oai:arXiv.org:1009.4864</subfield>
  </datafield>
  <datafield tag="035" ind1=" " ind2=" ">
    <subfield code="9">arXiv</subfield>
    <subfield code="a">oai:arXiv.org:1210.6683</subfield>
    <subfield code="z">oai:arXiv.org:1210.6683</subfield>
  </datafield>
  <datafield tag="035" ind1=" " ind2=" ">
    <subfield code="9">DESY</subfield>
    <subfield code="z">D10-14436</subfield>
  </datafield>
  <datafield tag="035" ind1=" " ind2=" ">
    <subfield code="9">SPIRESTeX</subfield>
    <subfield code="a">Adare:2010bd</subfield>
  </datafield>
  <datafield tag="035" ind1=" " ind2=" ">
    <subfield code="9">CDS</subfield>
    <subfield code="a">1294662</subfield>
  </datafield>
  <datafield tag="035" ind1=" " ind2=" ">
    <subfield code="9">OSTI</subfield>
    <subfield code="a">1020909</subfield>
  </datafield>
  <datafield tag="037" ind1=" " ind2=" ">
    <subfield code="9">arXiv</subfield>
    <subfield code="a">arXiv:1009.4864</subfield>
    <subfield code="c">hep-ex</subfield>
  </datafield>
  <datafield tag="037" ind1=" " ind2=" ">
    <subfield code="9">arXiv</subfield>
    <subfield code="a">arXiv:1210.6683</subfield>
    <subfield code="c">hep-ex</subfield>
  </datafield>
  <datafield tag="245" ind1=" " ind2=" ">
    <subfield code="a">Measurement of Transverse Single-Spin Asymmetries for $J/\psi$ Production in Polarized $p+p$ Collisions at $\sqrt{s} = 200$ GeV</subfield>
  </datafield>
  <datafield tag="710" ind1=" " ind2=" ">
    <subfield code="g">PHENIX</subfield>
  </datafield>
</record>